=LDR  03303aam a22006851i 4500
=001  018563578
=003  Uk
=005  20171020024344.0
=006  m\\\\||\\d\|\\\\\\
=007  cr\|||||||||||
=008  170525s2018\\\\mdub\\\\obd\\\000\0\eng\\
=FMT  \\$a  BK
=015  \\$aGBB7N8594$2bnb
=020  \\$a9781538102336$qelectronic book
=020  \\$a1538102331$qelectronic book
=020  \\$z9781538102329$qhardcover
=037  \\$a9781538102336$bIngram Content Group
=040  \\$aDLC$beng$cDLC$dOCLCO$dOCLCF$dN{dollar}T$dIDEBK$dEBLCP$dYDX$dYDX$dOCLCO$dCSAIL$dUk$erda
=042  \\$aukblsr
=050  14$aDS247.Y45$bB87 2018
=072  \7$aHIS$x026000$2bisacsh
=082  00$a953.3003$223
=100  1\$aSchmitz, Charles,$d1958-$eauthor.
=245  10$aHistorical dictionary of Yemen /$cCharles Schmitz and Robert D. Burrowes.
=264  \1$aLanham, Maryland :$bRowman & Littlefield,$c[2018].
=300  \\$a1 online resource (xcii, 571 pages).
=336  \\$atext$2rdacontent
=337  \\$acomputer$2rdamedia
=338  \\$aonline resource$2rdacarrier
=490  1\$aHistorical dictionaries of Asia, Oceania, and the Middle East
=500  \\$aEditor's Foreword; Preface; Reader's Note; Acronyms and Abbreviations; Maps; Chronology; Introduction; THE DICTIONARY; A; B; C; D; E; F; G; H; I; J; K; L; M; N; O; P; Q; R; S; T; U; V; W; Y; Z; Bibliography; About the Authors
=504  \\$aIncludes bibliographical references.
=505  0\$a<h4 style="line-height:2"><span>Editor’s Foreword (Jon Woronoff)</span><span style="s Note</span></span><br /><span style="line-height:2"><span>Acronyms and Abbreviations</span></span><br /><span style="line-height:2"><span>Maps</span></span><br /><span style="line-height:2"><span>Chronology</span></span><br /><span style="line-height:2"><span>Introduction</span></span><br /><span style="line-height:2"><span>THE DICTIONARY</span></span><br /><span style="line-height:2"><span>Bibliography</span></span><br /><span style="line-height:2"><span>About the Author</span></span>
=588  \\$aDescription based on online resource; title from digital title page (viewed on November 15, 2017).
=650  \7$aReference: Dictionaries$2bisacsh
=650  \7$aHISTORY / Middle East / General.$2bisacsh
=651  \0$aYemen (Republic)$xHistory$vDictionaries.
=651  \7$aYemen (Republic)$2fast$0(OCoLC)fst01309629
=655  \7$aDictionaries.$2fast$0(OCoLC)fst01423826
=655  \7$aHistory.$2fast$0(OCoLC)fst01411628
=655  \4$aElectronic books.
=700  1\$aBurrowes, Robert D.,$eauthor.
=830  \0$aHistorical dictionaries of Asia, Oceania, and the Middle East.
=859  \\$aELD$bebook
=889  \\$a(OCoLC)988171944
=852  \\$aBritish Library$bHMNTS$cDRT$jELD.DS.207033
=852  41$aBritish Library$bHMNTS$jHLR 953.3
=BUF  1\$aN$d20171211
=CAT  \\$aBATCH-EBKN$b00$c20171020$lBLL01$h0234
=CAT  \\$aBATCH-UPD$b00$c20171020$lBLL01$h0235
=CAT  \\$aEBKS-FXD$c20171020$lBLL01$h0243
=CAT  \\$aBATCH$b00$c20171020$lBLL01$h0245
=CAT  \\$aBATCH-UPEB$b00$c20171211$lBLL01$h1701
=CAT  \\$aBATCH-UPD$b00$c20171211$lBLL01$h1714
=FIN  \\$aY$d20171211
=DRT  \\$aLD-ebooks
=SRC  \\$aIngrams
=ONS  \7$aHIS$x026000$2bisacsh
=ONX  \\$aUS
=LAS  \\$aBATCH-UPD$b00$c20171211$lBLL01$h1714

