=LDR  04489cam a22006491i 4500
=001  019576888
=003  Uk
=005  20230302182417.0
=006  m\\\\||\\d\|\\\\\\
=007  cr\|||||||||||
=008  190926s2019\\\\ne\\\\\\o\\\\\000|0|eng|d
=FMT  \\$a  BK
=015  \\$aGBB9H1987$2bnb
=020  \\$a9780128213216 (ePub ebook) :$cNo price
=020  \\$z9780128213209 (hbk.) :$c£205.00
=037  \\$a9780128213216$bIngram Content Group
=040  \\$aStDuBDS$beng$cStDuBDS$dUk$erda$epn
=042  \\$aukblsr
=082  04$a572.82928$223
=245  00$aEngineered nanomaterials and phytonanotechnology :$bchallenges for plant sustainability /$cvolume editor, Sandeep Kumar Verma, Ashok Kumar Das.
=264  \1$aAmsterdam :$bElsevier,$c2019.
=300  \\$a1 online resource.
=336  \\$atext$2rdacontent
=337  \\$acomputer$2rdamedia
=338  \\$aonline resource$2rdacarrier
=490  0\$aComprehensive analytical chemistry ;$v87
=588  \\$aDescription based on CIP data; resource not viewed.
=505  0\$a<p>1. Environmental application of nanomaterials: A promise to sustainable future Muhammad Irfan Sohail, Aisha A Waris, Muhammad Ashar Ayub, Muhammad Usman, Muhammad Zia ur Rehman, Muhammad Sabir, and Tehmina Faiz 2. Plant-nanoparticle interactions: Mechanisms, effects, and approaches Manash Pratim Barkataki and Tinka Singh 3. A general overview on application of nanoparticles in agriculture and plant science Azim Ghasemnezhad, Mansour Ghorbanpour, Omid Sohrabi, and Mahboubeh Ashnavar 4. Engineered nanomaterials uptake, bioaccumulation and toxicity mechanisms in plants Vinay Kumar, Sivarama Krishna Lakkaboyana, Neha Sharma, Ali Samy Abdelaal, Subhrangsu Sunder Maitra, and Deepak Pant 5. Engineered nanomaterials in plants: Sensors, carriers, and bio-imaging Biju Bharali, Hasnahana Chetia, Jon Jyoti Kalita, Ponnala Vimal Mosahari, Anil Kumar Chhillar, and Utpal Bora 6. Antioxidant role of nanoparticles for enhancing ecological performance of plant system Sanchita Kukde, Bijaya Ketan Sarangi, and Hemant Purohit 7. Toxicity assessment of metal oxide nanoparticles on terrestrial plants Vishnu D. Rajput, Tatiana Minkina, Svetlana Sushkova, Vasiliy Chokheli, and Mikhail Soldatov 8. Cerium oxide nanoparticles: Advances in synthesis, prospects and application in agro-ecosystem Muhammad Ashar Ayub, Muhammad Irfan Sohail, Muhammad Umair, Muhammad Zia ur Rehman, Muhammad Usman, Muhammad Sabir, Muhammad Rizwan, Shafaqat Ali, and Zahoor Ahmad 9. ZnO nanoparticle with promising antimicrobial and antiproliferation synergistic properties Vivek Sheel Jaswal, Ashun Chaudhary, Pankaj Thakur, Diksha Sharma, Avnish Kumar Arora, Radhika Khanna, and Hardeep Singh Tuli 10. Biologically synthesized nanomaterials and their antimicrobial potentials Tushar Khare, Uttara Oak, Varsha Shriram, Sandeep Kumar Verma, and Vinay Kumar 11. Emerging plant-based anti-cancer green nanomaterials in present scenario Muthupandian Saravanan, Hamed Barabadi, Balajee Ramachandran, Gopinath Venkatraman, and Karuppiah Ponmurugan</p>
=540  \\$aCurrent Copyright Fee: GBP34.00$c0$5Uk
=650  \0$aPlants$xEffect of stress on$xMolecular aspects.
=650  \0$aNanostructured materials.
=700  1\$aVerma, Sandeep Kumar,$eeditor.
=700  1\$aDas, Ashok Kumar$eeditor
=776  08$iPrint version :$z9780128213209
=859  \\$aELD$bebook
=852  41$aBritish Library$bDSC$j3366.240000
=852  \\$aBritish Library$bHMNTS$cDRT$jELD.DS.475333
=CAT  \\$aBATCH-CIPN$b00$c20191015$lBLL01$h1704
=CAT  \\$aBATCH-CIPC$b00$c20191022$lBLL01$h1704
=CAT  \\$aBATCH-EBKE$b00$c20191128$lBLL01$h0226
=CAT  \\$aEBKS-FXD$c20191128$lBLL01$h0232
=CAT  \\$aBATCH$b00$c20191128$lBLL01$h0233
=CAT  \\$aBATCH-UPD$b00$c20191128$lBLL01$h0251
=CAT  \\$aBATCH-UPD$b00$c20210827$lBLL01$h0753
=CAT  \\$a8411$b40$c20220411$lBLL01$h1711
=CAT  \\$aBATCH-CLA$b00$c20220412$lBLL01$h0106
=CAT  \\$aBATCH-CLA$b00$c20221206$lBLL01$h1758
=CAT  \\$aIPL-CLA$c20221231$lBLL01$h1455
=CAT  \\$aBATCH-CLA$b00$c20230302$lBLL01$h1824
=CFI  0\$aCurrent Copyright Fee: GBP34.00$c0$e09-feb-2023$fGBP34.00$g0$hC$5Uk
=FIN  \\$aY$d20191128
=DRT  \\$aLD-ebooks
=TCO  \\$aNLD$bSTICHTING REPRORECHT$c008
=ONX  \\$aNL
=ONS  \7$aSCI$x013010$2bisacsh
=ONS  \\$tEnvironmental monitoring; infrared; data analysis; sampling; marine environments$2Subject Keywords
=LAS  \\$aBATCH-CLA$b00$c20230302$lBLL01$h1824

