=LDR  02808pam a22005891i 4500
=001  019635939
=003  Uk
=005  20201103021025.0
=006  m\\\\||\\d\|\\\\\\
=007  cr\|||||||||||
=008  191008s2020\\\\enk\\\\\o\\\\\000|f|eng\d
=FMT  \\$a  BK
=015  \\$aGBB9J7066$2bnb
=020  \\$a9780008149154 (ePub ebook) :$c£4.99
=037  \\$auk.co.harpercollins.108438$bIngram Content Group
=040  \\$aStDuBDS$beng$cStDuBDS$dUk$erda$epn
=042  \\$aukblsr
=082  04$a823.92$223
=100  1\$aCasey, Jane$q(Jane E.),$eauthor.
=245  10$aJane Casey e-short.$n3 /$cJane Casey.
=264  \1$aLondon :$bHarperCollinsPublishers,$c2020.
=300  \\$a1 online resource.
=336  \\$atext$2rdacontent
=337  \\$acomputer$2rdamedia
=338  \\$aonline resource$2rdacarrier
=490  1\$aMaeve Kerrigan
=588  \\$aDescription based on CIP data; resource not viewed.
=600  10$aKerrigan, Maeve$c(Fictitious character)$vFiction.
=655  \0$aDetective and mystery stories.
=650  \7$aFICTION / Mystery & Detective / Women Sleuths$2bisacsh
=650  \7$aFICTION / Thrillers / Crime$2bisacsh
=650  \7$aFICTION / Mystery & Detective / Police Procedural$2bisacsh
=650  \7$aFICTION / Thrillers / Psychological$2bisacsh
=650  \7$aFiction and related items / Thriller / suspense$2bicssc
=859  \\$aELD$bebook
=852  41$aBritish Library$bOC$jCHI.2020.b.13
=852  \\$aBritish Library$bHMNTS$cDRT$jELD.DS.566487
=916  \\$a600=NEW
=CAT  \\$aBATCH-CIPN$b00$c20191203$lBLL01$h1710
=CAT  \\$aBATCH-EBKE$b00$c20201103$lBLL01$h0204
=CAT  \\$aEBKS-FXD$c20201103$lBLL01$h0210
=CAT  \\$aBATCH$b00$c20201103$lBLL01$h0211
=CAT  \\$aBATCH-UPD$b00$c20201103$lBLL01$h0212
=FIN  \\$aY$d20201103
=DRT  \\$aLD-ebooks
=ONX  \\$cDGO
=ONS  \7$aFIC$x029000$2bisacsh
=ONS  \\$a1DBKESL$tEurope / British Isles / United Kingdom, Great Britain / England / South and South East England / London, Greater London$2BIC Geographical qualifier
=ONS  \\$a2AB$tIndo-European languages / English$2BIC Language qualifer
=ONS  \\$a3JMG$tModern period, c. 1500 onwards / 21st century / c. 2010 to c. 2020$2BIC time period qualifer
=ONS  \\$tSerial killer murderer murder; ireland english irish crime; truth lies teenage girl; female detective working together office romance; investigation police procedurals; forensics children family life; twist espionage thrillers; women's action & adventure romance mystery action thriller fiction; women's detective suspense action; romantic suspense; women sleuths urban; crime action psychological thrillers; crime, thriller & mystery series adventures; british & irish contemporary literature$2Subject Keywords
=LAS  \\$aBATCH-UPD$b00$c20201103$lBLL01$h0212

