=LDR  04513cam a22008891i 4500
=001  018798386
=003  Uk
=005  20230302182309.0
=006  m\\\\||\\d\|\\\\\\
=007  cr\|||||||||||
=008  150630s2015\\\\enk\\\\\ob\\\\001\0\eng\d
=FMT  \\$a  BK
=015  \\$aGBB859027$2bnb
=020  \\$a9781447322788$q(electronic bk.)
=020  \\$a1447322789$q(electronic bk.)
=037  \\$a9781447322788$bIngram Content Group
=040  \\$aN{dollar}T$beng$cN{dollar}T$dN{dollar}T$dIDEBK$dCDX$dEBLCP$dDEBSZ$dOCLCF$dJSTOR$dOCLCQ$dMERUC$dEZ9$dUk$erda$epn
=042  \\$aukblsr
=050  \4$aHV245
=072  \7$aPOL$x019000$2bisacsh
=072  \7$aSOC$x016000$2bisacsh
=072  \7$aPOL029000$2bisacsh
=082  04$a361.6/1$223
=245  00$aAnalysis and debate in social policy, 2015 /$cedited by Zoë Irving, Memmo Fenger and John Hudson.
=264  \1$aBristol :$bPolicy Press,$c2015.
=264  \4$c©2015
=300  \\$a1 online resource.
=336  \\$atext$2rdacontent
=337  \\$acomputer$2rdamedia
=338  \\$aonline resource$2rdacarrier
=490  1\$aSocial policy review ;$v27
=504  \\$aIncludes bibliographical references and index.
=505  0\$aList of tables and figures; Notes on contributors; Introduction; Part One: Continuities and change in UK social policy ; one Britain's hunger crisis: where's the social policy?; two Social security policy and low wages in austere times ; three Responsibilisation of everyday life: housing and welfare; four 'The end of local government as we know it' -- what next for adult social care?; Part Two: Contributions from the Social Policy Association Conference 2014; five Towards the Welfare Commons: contestation, critique and.
=505  8\$aSix New keys for old doors: breaking the vicious circle connecting homelessness and re-offendingseven Embedded neglect, entrenched abuse: market failure and mistreatment in elderly residential care ; eight What variety of employment service quasi-market? Ireland's JobPath as a private power market; Part Three: 25 years after The three worlds of welfare capitalism: a retrospective ; nine Applying welfare regime ideal types in empirical analysis: the example of activation.
=505  8\$aTen What if we waited a little longer? The dependent variable problem within the comparative analysis of the welfare state revisited eleven The welfare modelling business in the East Asian welfare state debate ; twelve The role of regime-type analysis in OECD work on social policy and family ; Index.
=588  0\$aOnline resource; title from PDF title page (EBSCO, viewed July 1, 2015).
=540  \\$aCurrent Copyright Fee: GBP25.00$c0$5Uk
=650  \0$aPublic welfare$zGreat Britain.
=650  \7$aPOLITICAL SCIENCE$xPublic Policy$xSocial Services & Welfare.$2bisacsh
=650  \7$aSOCIAL SCIENCE$xHuman Services.$2bisacsh
=650  \7$aPOLITICAL SCIENCE$xPublic Policy$xSocial Policy.$2bisacsh
=650  \7$aPublic welfare.$2fast$0(OCoLC)fst01083250
=650  \7$aSocial policy.$2fast$0(OCoLC)fst01122738
=651  \0$aGreat Britain$xSocial policy.
=651  \7$aGreat Britain.$2fast$0(OCoLC)fst01204623
=655  \4$aElectronic books.
=690  7\$aSocial Welfare$2blcoll
=700  1\$aIrving, Zoe,$eeditor.
=700  1\$aFenger, Menno,$eeditor.
=700  1\$aHudson, John,$eeditor.
=830  \0$aSocial policy review ;$v27.
=859  \\$aELD$bebook
=889  \\$a(OCoLC)912421145
=852  41$aBritish Library$bDSC$j8318.133200
=852  41$aBritish Library$bHMNTS$jZC.9.a.2045
=852  \\$aBritish Library$bHMNTS$cDRT$jELD.DS.270833
=BUF  1\$aN$d20180326
=CAT  \\$aBATCH-EBKN$b00$c20180315$lBLL01$h0223
=CAT  \\$aBATCH-UPD$b00$c20180315$lBLL01$h0223
=CAT  \\$aEBKS-FXD$c20180315$lBLL01$h0231
=CAT  \\$aBATCH$b00$c20180315$lBLL01$h0232
=CAT  \\$aBATCH-UPEB$b00$c20180326$lBLL01$h1700
=CAT  \\$aBATCH-UPD$b00$c20180326$lBLL01$h1702
=CAT  \\$aBATCH-SWP$c20180406$lBLL01$h2207
=CAT  \\$a8411$b40$c20220504$lBLL01$h1707
=CAT  \\$aBATCH-CLA$b00$c20220505$lBLL01$h0106
=CAT  \\$aBATCH-CLA$b00$c20221206$lBLL01$h1755
=CAT  \\$aIPL-CLA$c20221231$lBLL01$h1454
=CAT  \\$aBATCH-CLA$b00$c20230302$lBLL01$h1823
=CFI  0\$aCurrent Copyright Fee: GBP25.00$c0$e09-feb-2023$fGBP25.00$g0$hC$5Uk
=FIN  \\$aY$d20180326
=DRT  \\$aLD-ebooks
=SRC  \\$aIngrams
=TCO  \\$aCLA$bCLA$c008
=ONS  \7$aPOL$b029000$2bisacsh
=ONS  \7$aJK$2bicssc
=LAS  \\$aBATCH-CLA$b00$c20230302$lBLL01$h1823

