=LDR  03563aam a22007811i 4500
=001  018992024
=003  Uk
=005  20180729021948.0
=006  m\\\\||\\d\|\\\\\\
=007  cr\|||||||||||
=008  180730s2018\\\\mdu\\\\\ob\\\\001\0\eng\d
=FMT  \\$a  BK
=015  \\$aGBB8E3905$2bnb
=020  \\$a9781538100844$q(electronic bk.)
=020  \\$a1538100843$q(electronic bk.)
=020  \\$z9781538100837
=037  \\$a9781538100844$bIngram Content Group
=040  \\$aN{dollar}T$beng$cN{dollar}T$dN{dollar}T$dUk$erda$epn
=042  \\$aukblsr
=050  \4$aGA102.5
=072  \7$aSCI$x019000$2bisacsh
=072  \7$aSCI$x030000$2bisacsh
=072  \7$aTEC$x048000$2bisacsh
=082  04$a526.072$223
=100  1\$aDodsworth, Eva,$d1976-$eauthor.
=245  12$aA Research Guide to Cartographic Resources :$bPrint and Electronic Sources /$cEva H. Dodsworth.
=264  \1$aLanham, Maryland :$bRowman & Littlefield Publishers,$c[2018].
=264  \4$c©2018
=300  \\$a1 online resource.
=336  \\$atext$2rdacontent
=337  \\$acomputer$2rdamedia
=338  \\$aonline resource$2rdacarrier
=504  \\$aIncludes bibliographical references and index.
=505  0\$a<br /><span><span>Chapter 1: What Are Cartographic Resources?<br />Chapter 2: Directory of Cartographic Collections<br />Chapter 3: Atlases<br />Chapter 4: Topographic, Cities and Towns Maps<br />Chapter 5: Railroad Maps<br />Chapter 6: Geological Maps<br />Chapter 7: Nautical Charts<br />Chapter 8: Fire Insurance Plans<br />Chapter 9: Air Photos<br />Chapter 10: Bird’s-Eye View Maps<br />Chapter 11: GIS Data Sources<br />Chapter 12: GIS Subject Guides<br />Chapter 13: Handbooks and Manuals<br />Chapter 14: Cartographic and GIS Dictionaries<br />Chapter 15: Bibliographies<br />Chapter 16: Gazetteers<br />Chapter 17: Citing Cartographic Material<br />Chapter 18: Professional Map and GIS Associations<br />Appendix A. Example of a Map Library Collection: University of Waterloo<br />Appendix B. Depository Library Programs</span></span>
=588  \\$aOnline resource; title from PDF title page (EBSCO, viewed July 31, 2018).
=650  \7$aScience: Earth Sciences / General$2bisacsh
=650  \0$aCartography$xInformation resources.
=650  \7$aSCIENCE / Earth Sciences / Geography.$2bisacsh
=650  \7$aTECHNOLOGY & ENGINEERING / Cartography.$2bisacsh
=655  \4$aElectronic books.
=859  \\$aELD$bebook
=889  \\$a(OCoLC)1046634053
=852  41$aBritish Library$bHMNTS$jYD.2018.b.558
=852  \\$aBritish Library$bHMNTS$cDRT$jELD.DS.314518
=BUF  1\$aN$d20180806
=CAT  \\$aBATCH-EBKN$b00$c20180729$lBLL01$h0203
=CAT  \\$aEBKS-FXD$c20180729$lBLL01$h0219
=CAT  \\$aBATCH$b00$c20180729$lBLL01$h0221
=CAT  \\$aBATCH-UPEB$b00$c20180806$lBLL01$h1701
=CAT  \\$aBATCH-UPD$b00$c20180806$lBLL01$h1711
=FIN  \\$aY$d20180806
=DRT  \\$aLD-ebooks
=SRC  \\$aIngrams
=ONS  \7$aREF$x020000$2bisacsh
=ONS  \\$tarchives$2Subject Keywords
=ONS  \\$tCanada$2Subject Keywords
=ONS  \\$tconduct research$2Subject Keywords
=ONS  \\$tfind information$2Subject Keywords
=ONS  \\$tgeography$2Subject Keywords
=ONS  \\$thow to$2Subject Keywords
=ONS  \\$tlocal geography$2Subject Keywords
=ONS  \\$tmaps$2Subject Keywords
=ONS  \\$treference$2Subject Keywords
=ONS  \\$tstate geography$2Subject Keywords
=ONS  \\$tunderstand maps$2Subject Keywords
=ONS  \\$tUnited States$2Subject Keywords
=ONX  \\$aUS
=LAS  \\$aBATCH-UPD$b00$c20180806$lBLL01$h1711

