=LDR  04891cam a22010211i 4500
=001  019098154
=003  Uk
=005  20230302182335.0
=006  m\\\\||\\d\|\\\\\\
=007  cr\|||||||||||
=008  151012t20152015sz\\\\\\ob\\\\001\0\eng\d
=FMT  \\$a  BK
=015  \\$aGBB8J9316$2bnb
=020  \\$a9783319218700$q(electronic bk.)
=020  \\$a3319218700$q(electronic bk.)
=020  \\$z9783319218694
=020  \\$z3319218697$q(print)
=020  \\$z9783319218694$q(print)
=024  7\$a10.1007/978-3-319-21870-0$2doi
=037  \\$acom.springer.onix.9783319218700$bSpringer Nature
=040  \\$aN{dollar}T$beng$cN{dollar}T$dN{dollar}T$dYDXCP$dIDEBK$dCDX$dOCLCF$dEBLCP$dNUI$dAZU$dCOO$dGW5XE$dOCLCQ$dCHVBK$dVT2$dZ5A$dOCLCQ$dESU$dIOG$dUAB$dU3W$dSNK$dREB$dOCLCO$dKIJ$dOCLCA$dOCLCQ$dCEF$dIDB$dEZ9$dOCLCQ$dOCLCA$dAU@$dUk$erda$epn
=042  \\$aukblsr
=050  \4$aBJ59
=072  \7$aBUS$x008000$2bisacsh
=072  \7$aPDA$2bicssc
=082  04$a174.96$223
=245  00$aNew perspectives on technology, values, and ethics :$btheoretical and practical /$cWenceslao J. Gonzalez, editor.
=264  \1$aCham :$bSpringer,$c[2015].
=264  \4$c©2015
=300  \\$a1 online resource.
=336  \\$atext$2rdacontent
=337  \\$acomputer$2rdamedia
=338  \\$aonline resource$2rdacarrier
=490  1\$aBoston studies in the philosophy and history of science,$x2214-7942 ;$vvolume 315
=504  \\$aIncludes bibliographical references and index.
=505  0\$a1: New Perspectives on Technology, Values and Ethics: 2: On the Role of Values in the Configuration of Technology: From Axiology to Ethics -- 3: Values in Engineering and Technology -- 4: The Value of the Results of Communication and Information Technology: Internal Values -- 5: Rationality and Responsibility in Technology: 6: Rationality in Technology and in Ethics -- 7:Knowledge and Moral Responsibility for Online Technology -- 8: Technological Development and Values: Responsibility, Risk and Uncertainty- 9: Biotechnology, Ethics and Society: The Case of Genetic Manipulation -- 10: Technology and Risk: 11: Technological Risks and Ecological Values -- 12: Risk and Trust in Institutions that Regulate Technology: Challenges for a Socially Legitimate Risk Analysis -- 13: The Social Dimension of Technology: The Control of Chemical and Biological Weapons.
=588  0\$aOnline resource; title from PDF title page (EBSCO, viewed October 14, 2015).
=540  \\$aCurrent Copyright Fee: GBP29.95$c0$5Uk
=650  \0$aPhilosophy.
=650  \0$aTechnology$xMoral and ethical aspects.
=650  \0$aTechnology$xSocial aspects.
=650  \0$aTechnology$xPhilosophy.
=650  \7$aBUSINESS & ECONOMICS$xBusiness Ethics.$2bisacsh
=650  \7$aTechnology$xMoral and ethical aspects.$2fast$0(OCoLC)fst01145164
=650  \7$aTechnology$xPhilosophy.$2fast$0(OCoLC)fst01145171
=650  \7$aTechnology$xSocial aspects.$2fast$0(OCoLC)fst01145202
=650  \7$aEthik$2gnd
=650  \7$aTechnologie$2gnd
=650  \7$aWert$2gnd
=650  \7$aPhilosophy$xReference.$2bisacsh
=650  \7$aPhilosophy.$2bicssc
=650  \0$aScience_xPhilosophy.
=650  \7$aScience$xPhilosophy & Social Aspects.$2bisacsh
=650  \7$aPhilosophy of science.$2bicssc
=655  \4$aElectronic books.
=700  1\$aGonzález, Wenceslao J.,$eeditor.
=830  \0$aBoston studies in the philosophy and history of science ;$vv. 315.
=859  \\$aELD$bebook
=884  \\$aLDL ebooks ONIX to marcxml transformation using Record_Load-eBooks_Legal_Deposit_onix2marc_v2-1.xsl$g20181022$kcom.springer.onix.9783319218700$qUk
=889  \\$a(OCoLC)923734340
=852  41$aBritish Library$bDSC$j2251.830000
=852  \\$aBritish Library$bHMNTS$cDRT$jELD.DS.343367
=BUF  1\$aN$d20181105
=CAT  \\$aBATCH-EBKN$b00$c20181026$lBLL01$h0210
=CAT  \\$aBATCH-UPD$b00$c20181026$lBLL01$h0212
=CAT  \\$aEBKS-FXD$c20181026$lBLL01$h0220
=CAT  \\$aBATCH$b00$c20181026$lBLL01$h0221
=CAT  \\$aBATCH-UPEB$b00$c20181105$lBLL01$h1700
=CAT  \\$aBATCH-UPD$b00$c20181105$lBLL01$h1710
=CAT  \\$a7164$b40$c20181119$lBLL01$h1125
=CAT  \\$a8411$b40$c20220414$lBLL01$h1351
=CAT  \\$aBATCH-CLA$b00$c20220415$lBLL01$h0105
=CAT  \\$aBATCH-UPD$b00$c20221118$lBLL01$h2023
=CAT  \\$aBATCH-CLA$b00$c20221119$lBLL01$h0104
=CAT  \\$aBATCH-CLA$b00$c20221206$lBLL01$h1736
=CAT  \\$aIPL-CLA$c20221231$lBLL01$h1454
=CAT  \\$aBATCH-CLA$b00$c20230302$lBLL01$h1823
=CFI  0\$aCurrent Copyright Fee: GBP29.95$c0$e09-feb-2023$fGBP29.95$g0$hC$5Uk
=FIN  \\$aY$d20181105
=DRT  \\$aLD-ebooks
=SRC  \\$aCollection Metadata
=TCO  \\$aNLD$bSTICHTING REPRORECHT$c008
=ONS  \7$aPHI$x021000$2bisacsh
=ONS  \7$aHP$2bicssc
=ONS  \7$aSCI$x075000$2bisacsh
=ONS  \7$aPDA$2bicssc
=ONX  \\$aCH
=LAS  \\$aBATCH-CLA$b00$c20230302$lBLL01$h1823

