=LDR  04965cam a22009491i 4500
=001  019406487
=003  Uk
=005  20230302182359.0
=006  m\\\\||\\d\|\\\\\\
=007  cr\|||||||||||
=008  170425t20172017enka\\\\ob\\\\001\0\eng\d
=FMT  \\$a  BK
=015  \\$aGBB996485$2bnb
=020  \\$a9781787440296$q(electronic bk.)
=020  \\$a178744029X$q(electronic bk.)
=020  \\$z9781843844624$q(print)
=020  \\$z1843844621$q(print)
=037  \\$a3-239-9781787440296$bIngram Content Group
=040  \\$aN{dollar}T$beng$cN{dollar}T$dN{dollar}T$dOCLCO$dJSTOR$dOCLCF$dIOG$dINT$dOSU$dIDEBK$dYDX$dU3W$dOCLCQ$dOCLCO$dOCLCQ$dUk$erda$epn
=042  \\$aukblsr
=050  \4$aD900
=072  \7$aREL$x033000$2bisacsh
=072  \7$aHIS$x010020$2bisacsh
=072  \7$aHIS037010$2bisacsh
=072  \7$aLIT011000$2bisacsh
=072  \7$aREL033000$2bisacsh
=072  \7$aHIS$x037010$2bisacsh
=082  04$a940.1$222
=245  00$aMedieval anchorites in their communities /$cedited by Cate Gunn and Liz Herbert McAvoy.
=264  \1$aWoodbridge, Suffolk :$bD.S. Brewer is an imprint of Boydell & Brewer Ltd,$c2017.
=264  \4$c©2017
=300  \\$a1 online resource (xiii, 254 pages) :$billustrations.
=336  \\$atext$2rdacontent
=337  \\$acomputer$2rdamedia
=338  \\$aonline resource$2rdacarrier
=490  1\$aStudies in the History of Medieval Religion ;$v45
=504  \\$aIncludes bibliographical references and index.
=505  00$g1.$tÒ Sely Ankir!' /$rE.A. Jones --$gpt. I$tReligious Communities --$g2.$tAnchoress of Colne Priory: A Solitary in Community /$rCate Gunn --$g3.$tAnchorites in their Heavenly Communities /$rSophie Sawicka-Sykes --$g4.$tRule Within Rule, Cell Within Cloister: Grimlaicus's Regula Solitariorum /$rAndrew Thornton --$gpt. II$tLay Communities --$g5.$tEnglish Nuns as Ànchoritic Intercessors' for Souls in Purgatory: The Employment of A Revelation of Purgatory by Late Medieval English Nunneries for Their Lay Communities /$rClarck Drieshen --$g6.$tÌn aniversaries of ower leoveste freond seggeth alle nihene': Anchorites, Chantries and Purgatorial Patronage in Medieval England /$rMichelle M. Sauer --$g7.$tÌtem receyvyd of ye Anker': The Relationships between a Parish and its Anchorites as Seen through the Churchwardens' Accounts /$rClare M. Dowding --$g8.$tCurious Incident of the Hermit in Fisherton /$rJames Plumtree --$g9.$tWas Julian's Nightmare a Mare? Julian of Norwich and the Vernacular Community of Storytellers /$rGodelinde Gertrude Perk --$gpt. III$tTextual Communities --$g10.$tAnchoritic Textual Communities and the Wooing Group Prayers /$rCatherine Innes-Parker --$g11.$tAnchoress Transformed: On wel swuoe god ureisun of God almihti and pe wohunge of ure lauerd in the Fourteenth-Century A Talkyng of the Love of God /$rDiana Denissen --$g12.$tAncrene Wisse and the Egerton Hours /$rDorothy Kim.
=588  0\$aPrint version record.
=540  \\$aCurrent Copyright Fee: GBP25.00$c0$5Uk
=650  \0$aHermits$zEngland$xHistory$vCongresses.
=650  \0$aChurch history$yMiddle Ages, 600-1500$vCongresses.
=650  \7$aHISTORY$zEurope$xWestern.$2bisacsh
=650  \7$aHISTORY$xMedieval.$2bisacsh
=650  \7$aChurch history.$2fast$0(OCoLC)fst00860740
=650  \7$aChurch history$xMiddle Ages.$2fast$0(OCoLC)fst01710943
=650  \7$aHermits.$2fast$0(OCoLC)fst00955538
=651  \7$aEngland.$2fast$0(OCoLC)fst01219920
=655  \4$aElectronic books.
=655  \7$aConference papers and proceedings.$2fast$0(OCoLC)fst01423772
=655  \7$aHistory.$2fast$0(OCoLC)fst01411628
=700  1\$aGunn, Cate,$eeditor.
=700  1\$aHerbert McAvoy, Liz,$eeditor.
=830  \0$aStudies in the history of medieval religion ;$v45.
=859  \\$aELD$bebook
=889  \\$a(OCoLC)984127815
=852  41$aBritish Library$bDSC$j8490.673500
=852  \\$aBritish Library$bHMNTS$cDRT$jELD.DS.424540
=BUF  1\$aN$d20190527
=CAT  \\$aBATCH-EBKN$b00$c20190517$lBLL01$h0204
=CAT  \\$aBATCH-UPD$b00$c20190517$lBLL01$h0205
=CAT  \\$aEBKS-FXD$c20190517$lBLL01$h0216
=CAT  \\$aBATCH$b00$c20190517$lBLL01$h0218
=CAT  \\$aBATCH-UPEB$b00$c20190527$lBLL01$h1701
=CAT  \\$aBATCH-UPD$b00$c20190527$lBLL01$h1714
=CAT  \\$a8411$b40$c20220428$lBLL01$h1847
=CAT  \\$aBATCH-CLA$b00$c20220429$lBLL01$h0106
=CAT  \\$aBATCH-CLA$b00$c20221206$lBLL01$h1731
=CAT  \\$aIPL-CLA$c20221231$lBLL01$h1454
=CAT  \\$aBATCH-CLA$b00$c20230302$lBLL01$h1823
=CFI  0\$aCurrent Copyright Fee: GBP25.00$c0$e09-feb-2023$fGBP25.00$g0$hC$5Uk
=FIN  \\$aY$d20190527
=DRT  \\$aLD-ebooks
=SRC  \\$aIngrams
=TCO  \\$aCLA$bCLA$c008
=ONS  \7$aLIT$x011000$2bisacsh
=ONS  \7$aREL$b033000$2bisacsh
=ONS  \7$aHIS$b037010$2bisacsh
=ONS  \\$a1D$2BIC Geographical qualifier
=ONS  \\$a2AB$2BIC Language qualifer
=ONS  \\$a3H$2BIC time period qualifer
=LAS  \\$aBATCH-CLA$b00$c20230302$lBLL01$h1823

