=LDR  04682cam a2201021 i 4500
=001  017662154
=003  Uk
=005  20211231154725.0
=006  m\\\\||\\d\|\\\\\\
=007  cr\|||||||||||
=008  151013s2015\\\\njua\\\fob\\\\1|1\0|eng\\
=FMT  \\$a  BK
=015  \\$aGBB643552$2bnb
=020  \\$a9781119190196$qEPUB
=020  \\$z9781119190028$qhardback
=037  \\$a9781119190196$bWiley
=040  \\$aUk$beng$cUk$erda
=042  \\$aukblsr
=082  04$a610.28$223
=245  00$aBiomaterials science :$bprocessing, properties and applications V /$cedited by Roger Narayan, Susmita Bose, Amit Bandyopadhyay.
=264  \1$aHoboken, New Jersey :$bWiley,$c[2015]
=300  \\$a1 online resource :$billustrations (black and white, and colour).
=336  \\$atext$2rdacontent
=337  \\$acomputer$2rdamedia
=338  \\$aonline resource$2rdacarrier
=490  0\$aCeramic transactions,$x1042-1122 ;$vvolume 254
=500  \\$a"This volume is a collection of research papers from the Next Generation Biomate-rials and Surface Properties of Biomaterials symposia, which took place during the Materials Science & Technology 2014 Conference & Exhibition (MS&t'14), at the David L. Lawrence Convention Center, Pittsburgh, Pennsylvania"-Preface.
=504  \\$aIncludes bibliographical references and index.
=530  \\$aAlso issued in print format.
=540  \\$aCurrent Copyright Fee: GBP11.70$c0$5Uk
=650  \0$aBiomedical materials$vCongresses.
=650  \0$aBiomedical engineering$vCongresses.
=650  \0$aCeramics in medicine$vCongresses.
=700  1\$aKanakala, Raghunath,$eeditor.
=700  1\$aNarayan, Roger,$eeditor.
=700  1\$aBose, Susmita,$eeditor.
=700  1\$aBandyopadhyay, Amit,$d1967-$eeditor.
=710  2\$aAmerican Ceramic Society.
=711  22$aNext Generation Biomaterials (Symposium)$d(2014 :$cPittsburgh, Pa.)
=711  22$aSurface Properties of Biomaterials (Symposium)$d(2014 :$cPittsburgh, Pa.)
=711  2\$aMaterials Science & Technology Conference$d(2014 :$cPittsburgh, Pa.)
=859  \\$aELD$bebook
=852  41$aBritish Library$bDSC$j3116.760000
=852  \\$aBritish Library$bHMNTS$cDRT$jELD.DS.43323
=CAT  \\$aBATCH-EBKN$b00$c20151212$lBLL01$h0219
=CAT  \\$aBATCH-UPD$b00$c20151212$lBLL01$h0219
=CAT  \\$aBATCH-CLA$b00$c20170921$lBLL01$h1832
=CAT  \\$aIPL-CLA$c20170929$lBLL01$h1810
=CAT  \\$aBATCH-CLA$b00$c20171221$lBLL01$h1315
=CAT  \\$aIPL-CLA$c20171231$lBLL01$h1830
=CAT  \\$aBATCH-CLA$b00$c20180319$lBLL01$h1801
=CAT  \\$aIPL-CLA$c20180331$lBLL01$h1714
=CAT  \\$aBATCH-UPD$b00$c20180709$lBLL01$h1357
=CAT  \\$aBATCH-CLA$b00$c20180710$lBLL01$h0107
=CAT  \\$aBATCH-CLA$b00$c20180920$lBLL01$h1625
=CAT  \\$aIPL-CLA$c20180930$lBLL01$h1518
=CAT  \\$aBATCH-CLA$b00$c20190924$lBLL01$h1915
=CAT  \\$aIPL-CLA$c20190930$lBLL01$h1655
=CAT  \\$aBATCH-CLA$b00$c20200325$lBLL01$h1250
=CAT  \\$aIPL-CLA$c20200331$lBLL01$h1633
=CAT  \\$aBATCH-CLA$b00$c20200619$lBLL01$h1539
=CAT  \\$aIPL-CLA$c20200701$lBLL01$h0119
=CAT  \\$aBATCH-CLA$b00$c20210328$lBLL01$h1323
=CAT  \\$aIPL-CLA$c20210331$lBLL01$h1704
=CAT  \\$aBATCH-CLA$b00$c20210617$lBLL01$h1400
=CAT  \\$aIPL-CLA$c20210704$lBLL01$h1017
=CAT  \\$aBATCH-CLA$b00$c20210928$lBLL01$h1505
=CAT  \\$aIPL-CLA$c20210930$lBLL01$h1529
=CAT  \\$aBATCH-CLA$b00$c20211222$lBLL01$h1613
=CAT  \\$aIPL-CLA$c20211231$lBLL01$h1547
=CFI  0\$aCurrent Copyright Fee: GBP11.70$c0$e01-jan-2022$fGBP11.70$g0$hC$5Uk
=CFI  2\$aPrevious Copyright Fee: GBP12.78$c0$e01-oct-2021$fGBP12.78$g0$hC$5Uk
=FIN  \\$aY$d20160324
=DRT  \\$aLD-ebooks
=SRC  \\$aWiley
=ONX  \\$aUS
=ONS  \7$aTEC$x021000$2bisacsh
=ACF  \\$aPrevious Copyright Fee: GBP13.33$c0$e01-oct-2016$fGBP13.33$g0$hC$5Uk
=ACF  \\$aPrevious Copyright Fee: GBP14.40$c0$e01-apr-2017$fGBP14.40$g0$hC$5Uk
=ACF  \\$aPrevious Copyright Fee: GBP13.68$c0$e01-oct-2017$fGBP13.68$g0$hC$5Uk
=ACF  \\$aPrevious Copyright Fee: GBP12.86$c0$e01-apr-2018$fGBP12.86$g0$hC$5Uk
=ACF  \\$aPrevious Copyright Fee: GBP13.85$c0$e01-oct-2018$fGBP13.85$g0$hC$5Uk
=ACF  \\$aPrevious Copyright Fee: GBP14.40$c0$e01-oct-2019$fGBP14.40$g0$hC$5Uk
=ACF  \\$aPrevious Copyright Fee: GBP13.85$c0$e01-apr-2020$fGBP13.85$g0$hC$5Uk
=ACF  \\$aPrevious Copyright Fee: GBP14.40$c0$e01-jul-2020$fGBP14.40$g0$hC$5Uk
=ACF  \\$aPrevious Copyright Fee: GBP13.36$c0$e01-apr-2021$fGBP13.36$g0$hC$5Uk
=ACF  \\$aPrevious Copyright Fee: GBP12.98$c0$e01-jul-2021$fGBP12.98$g0$hC$5Uk
=LAS  \\$aIPL-CLA$b00$c20211231$lBLL01$h1547

