=LDR  02120cam a22005771a 4500
=001  018014794
=003  Uk
=005  20160919093350.0
=006  m\\\\||\\d\|\\\\\\
=007  cr\|||||||||||
=008  111213s2011\\\\enka\\\\o\\\\\001\0\eng\d
=FMT  \\$a  BK
=015  \\$aGBB6G4479$2bnb
=020  \\$a9781849516051$q(electronic bk.)
=020  \\$a1849516057$q(electronic bk.)
=020  \\$a9781849516044$q(electronic bk.)
=020  \\$a1849516049$q(electronic bk.)
=037  \\$a9781849516051$bPackt Publishing Pvt. Ltd
=040  \\$aE7B$beng$cE7B$dN{dollar}T$dYDXCP$dOCLCQ$dOCLCF$dOCLCQ$dCOO$dOCLCQ$dUk$epn
=042  \\$aukblsr
=050  \4$aLB1028.68$b.B83 2011eb
=072  \7$aCOM$x023000$2bisacsh
=082  04$a371.334$222
=100  10$aBüchner, Alex G.
=245  10$aMoodle 2 administration :$ban administrator's guide to configuring, securing, customizing, and extending Moodle /$cAlex Büchner.
=260  \\$aBirmingham [England] :$bPackt Pub.,$c2011.
=300  \\$a1 online resource (iv, 396 pages) :$bcolor illustrations.
=336  \\$atext$2rdacontent
=337  \\$acomputer$2rdamedia
=338  \\$aonline resource$2rdacarrier
=500  \\$aIncludes index.
=650  \0$aComputer-assisted instruction$xComputer programs.
=650  \0$aOpen source software.
=650  \7$aCOMPUTERS$xEducational Software.$2bisacsh
=650  \7$aComputer-assisted instruction$xComputer programs.$2fast$0(OCoLC)fst00872728
=650  \7$aOpen source software.$2fast$0(OCoLC)fst01046097
=655  \4$aElectronic books.
=859  \\$aELD$bebook
=889  \\$a(OCoLC)769189463
=852  \\$aBritish Library$bHMNTS$cDRT$jELD.DS.91087
=852  41$aBritish Library$bHMNTS$jYD.2022.a.152
=BUF  1\$aN$d20161121
=CAT  \\$aBATCH-EBKN$b00$c20160919$lBLL01$h0929
=CAT  \\$aEBKS-FXD$c20160919$lBLL01$h0933
=CAT  \\$aBATCH$b00$c20160919$lBLL01$h0934
=CAT  \\$aBATCH-UPEB$b00$c20161121$lBLL01$h1713
=CAT  \\$aBATCH-UPD$b00$c20161121$lBLL01$h1739
=FIN  \\$aY$d20161121
=DRT  \\$aLD-ebooks
=SRC  \\$aCollection Metadata
=LAS  \\$aBATCH-UPD$b00$c20161121$lBLL01$h1739

