=LDR  03119aam a22007091i 4500
=001  018187007
=003  Uk
=005  20170321073730.0
=006  m\\\\||\\d\|\\\\\\
=007  cr\|||||||||||
=008  140616t20152015nyua\\\\ob\\\\001\0\eng\d
=FMT  \\$a  BK
=015  \\$aGBB747951$2bnb
=020  \\$a133612461X$q(electronic bk.)
=020  \\$a9781336124615$q(electronic bk.)
=020  \\$a9781615647217$q(electronic bk.)
=020  \\$a161564721X$q(electronic bk.)
=020  \\$a9781615647200$q(electronic bk.)
=020  \\$a1615647201$q(electronic bk.)
=020  \\$z1615647198
=020  \\$z161564721X
=037  \\$aPenguinGroup392015$bIngram Content Group
=040  \\$aIDEBK$beng$cIDEBK$dOCLCO$dTEFOD$dGGVRL$dOCLCQ$dRECBK$dUk$erda$epn
=042  \\$aukblsr
=050  \4$aBX1754$b.Y68 2015eb
=082  04$a282$223
=100  1\$aYoung, Julie,$d1972-$eauthor.
=245  10$aCatholicism /$cby Julie Young and Fr. Eric Augenstein.
=264  \1$aNew York, New York :$bAlpha, a member of Penguin Group (USA), Inc.,$c[2015]
=264  \4$c©2015
=300  \\$a1 online resource (xv, 366 pages) :$billustrations.
=336  \\$atext$2rdacontent
=337  \\$acomputer$2rdamedia
=338  \\$aonline resource$2rdacarrier
=490  1\$aIdiot's guides, as easy as it gets!
=504  \\$aIncludes bibliographical references and index.
=505  0\$aWhat is Catholicism? What do Catholics believe? ; The Holy Trinity ; The Bible ; The universal church -- The sacramental life. Sacraments: outward and visible signs ; The sacraments of initiation ; The sacraments of healing ; The sacraments of service ; The Catholic mass -- Living the good life. Morality ; Virtues and vices ; Catholic social teaching ; Heaven and hell -- Prayer and holiness. Prayer: a two-way conversation ; Mary and the rosary ; Spiritual growth ; The saints: God's role models -- Catholic life and culture. Balancing faith and fact ; People and place of the church ; The role of beauty in Catholicism ; Catholic practices ; The Catholic calendar ; Being Catholic in a digital age.
=588  0\$aPrint version record.
=610  20$aCatholic Church.
=610  20$aCatholic Church$xCustoms and practices.
=610  20$aCatholic Church$xHistory.
=650  \7$aRELIGION / Christianity / Catholic.$2bisacsh
=655  \4$aElectronic books.
=700  1\$aAugenstein, Eric,$eauthor.
=830  \0$aIdiot's guides.
=859  \\$aELD$bebook
=889  \\$a(OCoLC)934041801
=852  41$aBritish Library$bHMNTS$jYF.2018.a.1234
=852  \\$aBritish Library$bHMNTS$cDRT$jELD.DS.112347
=BUF  1\$aN$d20170320
=CAT  \\$aBATCH-EBKN$b00$c20170123$lBLL01$h0201
=CAT  \\$aBATCH-UPD$b00$c20170123$lBLL01$h0201
=CAT  \\$aEBKS-FXD$c20170123$lBLL01$h0207
=CAT  \\$aBATCH$b00$c20170123$lBLL01$h0207
=CAT  \\$aBATCH-UPEB$b00$c20170320$lBLL01$h1701
=CAT  \\$aBATCH-UPD$b00$c20170320$lBLL01$h1710
=CAT  \\$a7164$b40$c20170321$lBLL01$h0737
=FIN  \\$aY$d20170320
=DRT  \\$aLD-ebooks
=SRC  \\$aIngrams
=ONS  \7$aREL$x010000$2bisacsh
=LAS  \\$a7164$b40$c20170321$lBLL01$h0737

