=LDR  01628 am a22004215i 4500
=001  018294991
=003  Uk
=005  20201217140013.0
=006  m\\\\||\\d\|\\\\\\
=007  cr\|||||||||||
=008  170201s2016\\\\nik|||||o||||f||||||eng|d
=FMT  \\$a  BK
=037  \\$aNIOPA_3417$bQueen's University Belfast$nNorthern Ireland Official Publications Repository
=040  \\$aNiBfQU$beng$cNiBfQU$dUk$erda
=042  \\$aukblsr
=082  04$a629.276$223
=110  1\$aNorthern Ireland.$bDepartment for Infrastructure,$eauthor.
=245  10$aProposals for Implementing Use of Seat Belts by Child Passengers Aged 3 to 13 Years on Large Buses and Coaches :$bSynopsis of Consultation Responses.
=264  \1$aNorthern Ireland :$bDepartment for Infrastructure,$c2016.
=300  \\$a1 online resource.
=336  \\$atext$2rdacontent
=337  \\$acomputer$2rdamedia
=338  \\$aonline resource$2rdacarrier
=650  \7$aTransportation.$2fast$0(OCoLC)fst01155007.
=884  \\$aLDL ebooks transformation to marcxml using queens_eb2marc.xsl$g20170405$kNIOPA_3417$qUk
=859  \\$aELD$bebook
=852  41$aBritish Library$bHMNTS$jOPA.2018.x.150
=852  \\$aBritish Library$bHMNTS$cDRT$jELD.DS.132460
=CAT  \\$aBATCH-EBKN$b00$c20170408$lBLL01$h0227
=CAT  \\$aEBKS-FXD$c20170408$lBLL01$h0231
=CAT  \\$aBATCH$b00$c20170408$lBLL01$h0231
=CAT  \\$a11056$b40$c20180611$lBLL01$h1406
=CAT  \\$aW1810-2165$c20190130$lBLL01$h1519
=CAT  \\$a9666$b40$c20201217$lBLL01$h1400
=FIN  \\$aY$d20201217
=DRT  \\$aLD-ebooks
=SRC  \\$aCollection Metadata
=LAS  \\$a9666$b40$c20201217$lBLL01$h1400

